@misc{Google,
  title={Google Maps APIS},
  author={Google},
  year={2018},
  publisher={Google},
  url={https://developers.google.com/maps/documentation/android-api/}
}

